<?xml version="1.0" encoding="UTF-8"?><collection xmlns="http://www.loc.gov/MARC21/slim"><record><leader>00337nam--2200121-i-4500</leader><controlfield tag="001">000037437</controlfield><controlfield tag="002">20161230</controlfield><controlfield tag="005">20161230201041</controlfield><controlfield tag="008">060222s1000------------r-----000-0-eng-d</controlfield><datafield ind1=" " ind2=" " tag="080"><subfield code="a">54-386:541.49:54</subfield></datafield><datafield ind1=" " ind2=" " tag="245"><subfield code="a">Quaderni di chemica. vol.1: lectures on organo complexes chemistry</subfield></datafield><datafield ind1=" " ind2=" " tag="260"><subfield code="a">Roma, C.N.R., 1964-1966, Iv + 84p</subfield></datafield><datafield ind1=" " ind2=" " tag="852"><subfield code="a">24291</subfield></datafield></record></collection>